@Book{xie2015,
  title = {Dynamic Documents with {R} and knitr},
  author = {Yihui Xie},
  publisher = {Chapman and Hall/CRC},
  address = {Boca Raton, Florida},
  year = {2015},
  edition = {2nd},
  note = {ISBN 978-1498716963},
  url = {http://yihui.name/knitr/},
}

@Manual{,
    title = {R: A Language and Environment for Statistical Computing},
    author = {{R Core Team}},
    organization = {R Foundation for Statistical Computing},
    address = {Vienna, Austria},
    year = {2017},
    url = {https://www.R-project.org/},
}

@book{tufte1983visual,
  title={The Visual Display of Quantitative Information},
  author={Tufte, E.R.},
  isbn={9780961392109},
  lccn={81003546},
  series={Encyclopedia of mathematics and its applications},
  url={https://books.google.com.my/books?id=BHazAAAAIAAJ},
  year={1983},
  publisher={Graphics Press}
}

@article{friendly2009,
    title = {Milestones in the history of thematic cartography, statistical graphics, and data visualization},
    author = {Michael Friendly},
    year = {2009},
    url = {http://www.math.yorku.ca/SCS/Gallery/milestone/milestone.pdf}
}

@article{arifin2017_irt,
author = {Arifin, Wan Nor and Yusoff, Muhamad Saiful Bahri},
year = {2017},
number = {9},
pages = {69-81},
title = {Item Response Theory for Medical Educationists},
volume = {9},
journal = {Education in Medicine Journal}
}
