@Manual{R-car,
  title = {car: Companion to Applied Regression},
  author = {John Fox and Sanford Weisberg and Brad Price},
  year = {2018},
  note = {R package version 3.0-0},
  url = {https://CRAN.R-project.org/package=car},
}
@Manual{R-foreign,
  title = {foreign: Read Data Stored by 'Minitab', 'S', 'SAS', 'SPSS', 'Stata',
'Systat', 'Weka', 'dBase', ...},
  author = {{R Core Team}},
  year = {2018},
  note = {R package version 0.8-71},
  url = {https://CRAN.R-project.org/package=foreign},
}
@Manual{R-ggplot2,
  title = {ggplot2: Create Elegant Data Visualisations Using the Grammar of Graphics},
  author = {Hadley Wickham and Winston Chang and Lionel Henry and Thomas Lin Pedersen and Kohske Takahashi and Claus Wilke and Kara Woo},
  year = {2018},
  note = {R package version 3.0.0},
  url = {https://CRAN.R-project.org/package=ggplot2},
}
@Manual{R-lattice,
  title = {lattice: Trellis Graphics for R},
  author = {Deepayan Sarkar},
  year = {2017},
  note = {R package version 0.20-35},
  url = {https://CRAN.R-project.org/package=lattice},
}
@Manual{R-plyr,
  title = {plyr: Tools for Splitting, Applying and Combining Data},
  author = {Hadley Wickham},
  year = {2016},
  note = {R package version 1.8.4},
  url = {https://CRAN.R-project.org/package=plyr},
}
@Manual{R-psych,
  title = {psych: Procedures for Psychological, Psychometric, and Personality
Research},
  author = {William Revelle},
  year = {2018},
  note = {R package version 1.8.4},
  url = {https://CRAN.R-project.org/package=psych},
}
